@article{hagey2017there,
  title={Thereâ€™s more than one way to climb a tree: Limb length and microhabitat use in lizards with toe pads},
  author={Hagey, Travis J and Harte, Scott and Vickers, Mathew and Harmon, Luke J and Schwarzkopf, Lin},
  journal={PloS one},
  volume={12},
  number={9},
  pages={e0184641},
  year={2017}
}

@article{poe2017phylogenetic,
  title={A phylogenetic, biogeographic, and taxonomic study of all extant species of Anolis (Squamata; Iguanidae)},
  author={Poe, Steven and Nieto-Montes de Oca, Adrian and Torres-Carvajal, Omar and De Queiroz, Kevin and Velasco, Juli{\'a}n A and Truett, Brad and Gray, Levi N and Ryan, Mason J and K{\"o}hler, Gunther and Ayala-Varela, Fernando and others},
  journal={Systematic biology},
  volume={66},
  number={5},
  pages={663--697},
  year={2017}
}

@article{lapiedra2018predator,
  title={Predator-driven natural selection on risk-taking behavior in anole lizards},
  author={Lapiedra, Oriol and Schoener, Thomas W and Leal, Manuel and Losos, Jonathan B and Kolbe, Jason J},
  journal={Science},
  volume={360},
  number={6392},
  pages={1017--1020},
  year={2018}
}

@article{harmon2018phylogenetic,
  title={Phylogenetic comparative methods: learning from trees},
  author={Harmon, Luke},
  year={2018},
}

@article{martins1997phylogenies,
  title={Phylogenies and the comparative method: a general approach to incorporating phylogenetic information into the analysis of interspecific data},
  author={Martins, Emilia P and Hansen, Thomas F},
  journal={The American Naturalist},
  volume={149},
  number={4},
  pages={646--667},
  year={1997}
}

@article{mcnab1983energetics,
  title={Energetics, body size, and the limits to endothermy},
  author={McNab, Brian K},
  journal={Journal of Zoology},
  volume={199},
  number={1},
  pages={1--29},
  year={1983}
}

@article{aschoff1982circadian,
  title={The circadian rhythm of body temperature as a function of body size},
  author={Aschoff, J},
  journal={A companion to animal physiology},
  pages={173--188},
  year={1982}
}

@article{ostrowski2003heterothermy,
  title={Heterothermy and the water economy of free-living Arabian oryx (Oryx leucoryx)},
  author={Ostrowski, St{\'e}phane and Williams, Joseph B and Ismael, Khairi},
  journal={Journal of Experimental Biology},
  volume={206},
  number={9},
  pages={1471--1478},
  year={2003}
}

@article{lyman1958oxygen,
  title={Oxygen consumption, body temperature and heart rate of woodchucks entering hibernation},
  author={Lyman, Charles P},
  journal={American Journal of Physiology-Legacy Content},
  volume={194},
  number={1},
  pages={83--91},
  year={1958},
  publisher={American Physiological Society}
}

@article{mortola2004scaling,
  title={Scaling the amplitudes of the circadian pattern of resting oxygen consumption, body temperature and heart rate in mammals},
  author={Mortola, Jacopo P and Lanthier, Clement},
  journal={Comparative Biochemistry and Physiology Part A: Molecular \& Integrative Physiology},
  volume={139},
  number={1},
  pages={83--95},
  year={2004}
}

@book{angilletta2009thermal,
  title={Thermal adaptation: a theoretical and empirical synthesis},
  author={Angilletta Jr, Michael J and Angilletta, Michael James},
  year={2009},
  publisher={Oxford University Press}
}

@article{hibi2017effect,
  title={Effect of shortened sleep on energy expenditure, core body temperature, and appetite: a human randomised crossover trial},
  author={Hibi, Masanobu and Kubota, Chie and Mizuno, Tomohito and Aritake, Sayaka and Mitsui, Yuki and Katashima, Mitsuhiro and Uchida, Sunao},
  journal={Scientific reports},
  volume={7},
  number={1},
  pages={1--11},
  year={2017}}
}